<?xml version="1.0" encoding="UTF-8"?><collection xmlns="http://www.loc.gov/MARC21/slim"><record><leader>00630nam--2200169-i-4500</leader><controlfield tag="001">000042432</controlfield><controlfield tag="002">20161230</controlfield><controlfield tag="005">20161230201043</controlfield><controlfield tag="008">060222s1000------------r-----000-0-eng-d</controlfield><datafield ind1=" " ind2=" " tag="040"><subfield code="a">IFIN-HH</subfield></datafield><datafield ind1=" " ind2=" " tag="080"><subfield code="a">539.143.43.078(061.3)</subfield></datafield><datafield ind1="1" ind2=" " tag="100"><subfield code="a">Ursu, I</subfield></datafield><datafield ind1="1" ind2="0" tag="245"><subfield code="a">7th specialized colloque ampere</subfield><subfield code="b">New developments in nuclear magnetic resonance and magnetic resonance and quantum electronics, central institute of physics, bucharest 9-13 september 1985</subfield><subfield code="c">I. ursu (conference chairman)</subfield></datafield><datafield ind1=" " ind2=" " tag="260"><subfield code="a">Bucharest</subfield><subfield code="b">Central Institut Of Physics</subfield><subfield code="c">1985</subfield></datafield><datafield ind1=" " ind2=" " tag="300"><subfield code="a">XI + 193 P</subfield></datafield><datafield ind1=" " ind2=" " tag="852"><subfield code="a">72800</subfield><subfield code="c">539.143.43</subfield></datafield><datafield ind1=" " ind2=" " tag="CAT"><subfield code="a">Sys</subfield><subfield code="c">20120511</subfield><subfield code="h">171124</subfield></datafield></record></collection>